<record><leader>00000cas a22000007a 4500</leader><controlfield tag="001">14171690</controlfield><controlfield tag="008">860902u1914uuuutxuwr ne      0    0eng d</controlfield><datafield ind1=" " ind2=" " tag="010"><subfield code="a">sn 86088746 </subfield></datafield><datafield ind1=" " ind2=" " tag="040"><subfield code="a">PPM</subfield><subfield code="b">eng</subfield><subfield code="c">PPM</subfield><subfield code="d">OCLCQ</subfield></datafield><datafield ind1=" " ind2=" " tag="042"><subfield code="a">msc</subfield></datafield><datafield ind1="0" ind2="4" tag="245"><subfield code="a">The progressive advertiser.</subfield></datafield><datafield ind1=" " ind2=" " tag="260"><subfield code="a">DeKalb, Tex. :</subfield><subfield code="b">Turner Print. Co.</subfield></datafield><datafield ind1=" " ind2=" " tag="300"><subfield code="a">v. :</subfield><subfield code="b">ill.</subfield></datafield><datafield ind1=" " ind2=" " tag="310"><subfield code="a">Weekly</subfield></datafield><datafield ind1="1" ind2=" " tag="362"><subfield code="a">Began in 1914?</subfield></datafield><datafield ind1=" " ind2=" " tag="500"><subfield code="a">Continues numbering of: The DeKalb enterprise.</subfield></datafield><datafield ind1=" " ind2=" " tag="500"><subfield code="a">Editor: H.A. Turner.</subfield></datafield><datafield ind1=" " ind2=" " tag="588"><subfield code="a">Description based on: Vol. 10, no. 14 (Oct. 15, 1914).</subfield></datafield><datafield ind1=" " ind2=" " tag="752"><subfield code="a">United States</subfield><subfield code="b">Texas</subfield><subfield code="c">Bowie</subfield><subfield code="d">DeKalb.</subfield></datafield><datafield ind1="0" ind2="0" tag="780"><subfield code="t">DeKalb enterprise</subfield></datafield><datafield ind1="1" ind2=" " tag="029"><subfield code="a">AU@</subfield><subfield code="b">000025837152</subfield></datafield></record>